<?xml version="1.0" encoding="UTF-8"?><collection xmlns="http://www.loc.gov/MARC21/slim"><record><leader>00398nam--2200133-i-4500</leader><controlfield tag="001">000046758</controlfield><controlfield tag="002">20161230</controlfield><controlfield tag="005">20161230201046</controlfield><controlfield tag="008">060222s1000------------r-----000-0-eng-d</controlfield><datafield ind1=" " ind2=" " tag="080"><subfield code="a">628.511:541.28(043)</subfield></datafield><datafield ind1=" " ind2=" " tag="100"><subfield code="a">Walcher, Albrecht</subfield></datafield><datafield ind1=" " ind2=" " tag="245"><subfield code="a">Nicht-isothermer stofftransport und reaktionsraume in tankflammen. dissert</subfield></datafield><datafield ind1=" " ind2=" " tag="260"><subfield code="a">Stuttgart, Inst.Fur Technische Chemie, 1982, 337p</subfield></datafield><datafield ind1=" " ind2=" " tag="852"><subfield code="a">70468</subfield></datafield></record></collection>